<record xmlns='http://www.loc.gov/MARC21/slim'><leader>02869ctcaa22005171i 4500</leader><controlfield tag='001'>8548630</controlfield><controlfield tag='005'>20201217104306.0</controlfield><controlfield tag='008'>201214s2020    xx            000 0deng  </controlfield><datafield ind1=' ' ind2=' ' tag='040'><subfield code='a'>ANL</subfield><subfield code='b'>eng</subfield><subfield code='e'>rda</subfield><subfield code='d'>ANL</subfield></datafield><datafield ind1=' ' ind2=' ' tag='042'><subfield code='a'>anuc</subfield></datafield><datafield ind1=' ' ind2=' ' tag='043'><subfield code='a'>u-at---</subfield></datafield><datafield ind1='0' ind2=' ' tag='045'><subfield code='b'>d2020</subfield></datafield><datafield ind1='1' ind2=' ' tag='100'><subfield code='a'>Burton, Pamela,</subfield><subfield code='d'>1946-</subfield></datafield><datafield ind1='1' ind2='0' tag='245'><subfield code='a'>Memoir of John and Cecily Burton,</subfield><subfield code='f'>2020.</subfield></datafield><datafield ind1=' ' ind2='0' tag='264'><subfield code='c'>[2020]</subfield></datafield><datafield ind1=' ' ind2=' ' tag='300'><subfield code='a'>0.03 m</subfield><subfield code='a'>(1 folder)</subfield></datafield><datafield ind1=' ' ind2=' ' tag='336'><subfield code='a'>text</subfield><subfield code='2'>rdacontent</subfield></datafield><datafield ind1=' ' ind2=' ' tag='337'><subfield code='a'>unmediated</subfield><subfield code='2'>rdamedia</subfield></datafield><datafield ind1=' ' ind2=' ' tag='338'><subfield code='a'>volume</subfield><subfield code='2'>rdacarrier</subfield></datafield><datafield ind1=' ' ind2=' ' tag='500'><subfield code='a'>Manuscript reference number: MS 10558.</subfield></datafield><datafield ind1=' ' ind2=' ' tag='500'><subfield code='a'>Associated materials: Papers of John W. Burton, 1956-1998 (bulk 1980-1991) MS 8405, MS Acc09.034.</subfield></datafield><datafield ind1=' ' ind2=' ' tag='500'><subfield code='a'>Associated materials: Papers of Meredith Edwards, 1974-2002 MS Acc01.117, MS Acc01.317, MS Acc04.115.</subfield></datafield><datafield ind1=' ' ind2=' ' tag='506'><subfield code='a'>Permission required for research. Not for loan.</subfield></datafield><datafield ind1=' ' ind2=' ' tag='520'><subfield code='a'>Draft of memoir (working title &quot;Planet Burton&quot;) of the life of John Wear Burton and his wife Cecily Burton written by their daughters Meredith Edwards and Pamela Burton that includes less well known aspects of their lives.</subfield></datafield><datafield ind1=' ' ind2=' ' tag='540'><subfield code='a'>Permission required for copying for research purposes during the lifetimes of Meredith Edwards and Pamela Burton.</subfield></datafield><datafield ind1='0' ind2=' ' tag='544'><subfield code='d'>Interview with Dr John Burton, diplomat;</subfield><subfield code='e'>Located at;</subfield><subfield code='a'>National Library of Australia Oral History collection ORAL TRC 2981/23.</subfield></datafield><datafield ind1='0' ind2=' ' tag='544'><subfield code='d'>Interview with Dr. John Wear Burton;</subfield><subfield code='e'>Located at;</subfield><subfield code='a'>National Library of Australia Oral History collection ORAL TRC 3958.</subfield></datafield><datafield ind1='0' ind2=' ' tag='544'><subfield code='d'>John Burton interviewed by Richard Rubenstein and Christopher Mitchell;</subfield><subfield code='e'>Located at;</subfield><subfield code='a'>National Library of Australia Oral History collection ORAL TRC 4665.</subfield></datafield><datafield ind1='0' ind2=' ' tag='544'><subfield code='d'>Cecily Parker, psychotherapist, interviewed by Meredith Edwards;</subfield><subfield code='e'>Located at;</subfield><subfield code='a'>National Library of Australia Oral History collection ORAL TRC 5094.</subfield></datafield><datafield ind1='0' ind2=' ' tag='544'><subfield code='d'>Pamela Burton interviewed by Kim Rubenstein in the Trailblazing women and the law oral history project;</subfield><subfield code='e'>Located at;</subfield><subfield code='a'>National Library of Australia Oral History collection ORAL TRC 6535/11.</subfield></datafield><datafield ind1='1' ind2='0' tag='600'><subfield code='a'>Burton, John W.</subfield><subfield code='q'>(John Wear),</subfield><subfield code='d'>1915-2010</subfield><subfield code='v'>Biography.</subfield></datafield><datafield ind1='1' ind2='0' tag='600'><subfield code='a'>Parker, Cecily,</subfield><subfield code='d'>1916-2007</subfield><subfield code='v'>Biography.</subfield></datafield><datafield ind1='1' ind2='0' tag='610'><subfield code='a'>Australia.</subfield><subfield code='b'>Department of External Affairs</subfield><subfield code='x'>Officials and employees</subfield><subfield code='v'>Biography.</subfield></datafield><datafield ind1=' ' ind2='0' tag='650'><subfield code='a'>Ambassadors</subfield><subfield code='z'>Australia</subfield><subfield code='v'>Biography.</subfield></datafield><datafield ind1=' ' ind2='0' tag='650'><subfield code='a'>International relations specialists</subfield><subfield code='z'>Australia</subfield><subfield code='v'>Biography.</subfield></datafield><datafield ind1=' ' ind2='0' tag='650'><subfield code='a'>College teachers</subfield><subfield code='z'>Australia</subfield><subfield code='v'>Biography.</subfield></datafield><datafield ind1=' ' ind2='0' tag='650'><subfield code='a'>Psychologists</subfield><subfield code='z'>Australia</subfield><subfield code='v'>Biography.</subfield></datafield><datafield ind1=' ' ind2='0' tag='651'><subfield code='a'>Australia</subfield><subfield code='x'>Officials and employees</subfield><subfield code='v'>Biography.</subfield></datafield><datafield ind1=' ' ind2='7' tag='656'><subfield code='a'>Diplomats.</subfield><subfield code='2'>lcsh</subfield></datafield><datafield ind1=' ' ind2='7' tag='656'><subfield code='a'>Pyschologists.</subfield><subfield code='2'>lcsh</subfield></datafield><datafield ind1=' ' ind2='7' tag='656'><subfield code='a'>Political scientists.</subfield><subfield code='2'>lcsh</subfield></datafield><datafield ind1=' ' ind2='7' tag='656'><subfield code='a'>Academics.</subfield><subfield code='2'>local</subfield></datafield><datafield ind1=' ' ind2='7' tag='656'><subfield code='a'>Public officers.</subfield><subfield code='2'>lcsh</subfield></datafield><datafield ind1='1' ind2=' ' tag='700'><subfield code='a'>Edwards, Meredith,</subfield><subfield code='d'>1941-</subfield></datafield><datafield ind1=' ' ind2=' ' tag='920'><subfield code='a'>Priority 3</subfield></datafield><datafield ind1=' ' ind2=' ' tag='953'><subfield code='a'>Manuscripts subject term: Politics and Government</subfield></datafield></record>